@inproceedings{HRIpaper,
    author = "Someone",
    title = "Some title",
    booktitle = "Some venue",
    year = 2024
}

@misc{HRIseminar,
    note = "Author. Title of seminar. Human-Robot Interaction 2024 Course"
}


@misc{HRIslides,
    note = "Human-Robot Interaction 2024. Lecture slides. ..."
}
